<?xml version="1.0" encoding="UTF-8"?><collection xmlns="http://www.loc.gov/MARC21/slim"><record><leader>00464nam--2200169-u-4500</leader><controlfield tag="001">000051657</controlfield><controlfield tag="002">20161230</controlfield><controlfield tag="005">20161230201049</controlfield><controlfield tag="008">080813s1000------------r-----000-0-eng-d</controlfield><datafield ind1=" " ind2=" " tag="040"><subfield code="a">IFIN-HH</subfield></datafield><datafield ind1=" " ind2=" " tag="080"><subfield code="a">517.5</subfield></datafield><datafield ind1="1" ind2=" " tag="100"><subfield code="a">Maergoiz,L.S</subfield></datafield><datafield ind1="1" ind2="0" tag="245"><subfield code="a">Asimptoticheskie Kharakteristiki Tselykh Funktsii i ikh Prilozheniya v Matematike i Biofizike</subfield></datafield><datafield ind1=" " ind2=" " tag="260"><subfield code="a">Novosibirsk</subfield><subfield code="b">Nauka</subfield><subfield code="c">1991</subfield></datafield><datafield ind1=" " ind2=" " tag="300"><subfield code="a">272 p</subfield></datafield><datafield ind1=" " ind2=" " tag="852"><subfield code="a">79793</subfield><subfield code="c">517.5</subfield></datafield><datafield ind1=" " ind2=" " tag="CAT"><subfield code="a">Sys</subfield><subfield code="c">20080813</subfield><subfield code="h">092447</subfield></datafield></record></collection>